@article{kot1992,
    author = "Mark Kot",
    title = "Discrete-time travelling waves: ecological examples",
    year = "1992",
    url = "https://link.springer.com/article/10.1007/BF00173295"
}
@article{bourgeois2020,
    author = "A. Bourgeois, V. LeBlanc, F. Lutscher",
    title="Dynamical stabilization and traveling waves in integrodifference equations",
    year="2020",
    url="https://doi.org/10.3934/dcdss.2020117"
}
@article{otto2017,
    author = "G. Otto",
    title="Non-spreading solutions in a integro-difference model incorporating Allee and overcompensation effects",
    year="2017"
}
@article{otto2022,
    author = "G. Otto, W. Fagan, B. Li",
    title="Nonspreading solutions and patch formation in an integro-difference model with a strong Allee effect and overcompensation",
    year="2022",
    url="https://link.springer.com/article/10.1007/s12080-022-00544-y"
}
@article{sullivan2017,
    author = "G. Otto, W. Fagan, B. Li",
    title="Density dependence in demography and dispersal generates fluctuating invasion speeds",
    year="2017",
    url="https://www.pnas.org/doi/10.1073/pnas.1618744114"
}
@article{wang2002,
    author="M. H. Wang, M. Kot, M. G. Neubert",
    title="Integrodifference equations, Allee effects, and invasions",
    year="2002",
}
@book{lutscher2019,
    author="F. Lutscher",
    title="Integrodifference Equations in Spatial Ecology",
    year="2019",
}
@article{kot1989,
    author="M. Kot",
    title="Diffusion-driven period doubling bifurcations",
    year="1989",
}
@article{lui1982a,
    author="R. Lui",
    title="A nonlinear integral operator arising from a model in population genetics. I. Monotone initial data",
    year="1982",
}
@article{lui1982a,
    author="R. Lui",
    title="A nonlinear integral operator arising from a model in population genetics. II. Initial data with compact support",
    year="1982",
}
@article{lui1983,
    author="R. Lui",
    title="Existence and stability of traveling wave solutions of a nonlinear integral operator",
    year="1983",
}
@article{weinberger1982,
    author="H. F. Weinberger",
    title="Long-time beahvior of a class of biological models",
    year="1982",
}
@article{nestor2020,
    author="M. Nestor, B. Li",
    title="Periodic traveling waves in an integro-difference equation with non-monotonic growth and strong allee effect",
    year="2020",
    url="https://arxiv.org/abs/2202.00234"
}